<record><leader>00000cas a22000007a 4500</leader><controlfield tag="001">18077510</controlfield><controlfield tag="008">880613d19671989nyuwr ne      0    0eng d</controlfield><datafield ind1=" " ind2=" " tag="010"><subfield code="a">sn 88074492 </subfield></datafield><datafield ind1=" " ind2=" " tag="040"><subfield code="a">NYS</subfield><subfield code="b">eng</subfield><subfield code="c">NYS</subfield><subfield code="d">OCL</subfield><subfield code="d">NYS</subfield><subfield code="d">OCLCQ</subfield></datafield><datafield ind1=" " ind2=" " tag="042"><subfield code="a">msc</subfield></datafield><datafield ind1="0" ind2="4" tag="245"><subfield code="a">The Greenville local and continuation of the Cairo herald.</subfield></datafield><datafield ind1="3" ind2="0" tag="246"><subfield code="a">Greenville local and continuation of the Cairo herald and Athens herald</subfield></datafield><datafield ind1=" " ind2=" " tag="260"><subfield code="a">Greenville, N.Y. :</subfield><subfield code="b">George E. Bleezarde,</subfield><subfield code="c">1967-1989.</subfield></datafield><datafield ind1=" " ind2=" " tag="300"><subfield code="a">23 v. :</subfield><subfield code="b">ill. ;</subfield><subfield code="c">45 cm.</subfield></datafield><datafield ind1=" " ind2=" " tag="310"><subfield code="a">Weekly</subfield></datafield><datafield ind1="0" ind2=" " tag="362"><subfield code="a">Vol. 35, no. 42 (May 3, 1967)-v. 57, no. 5 (Jan. 26, 1989).</subfield></datafield><datafield ind1=" " ind2=" " tag="500"><subfield code="a">Published as: Greenville local and continuation of the Cairo herald and Athens herald, Nov. 26, 1969-Jan. 26, 1989.</subfield></datafield><datafield ind1=" " ind2="4" tag="651"><subfield code="a">Greenville (N.Y.)</subfield><subfield code="v">Newspapers.</subfield></datafield><datafield ind1=" " ind2=" " tag="752"><subfield code="a">United States</subfield><subfield code="b">New York</subfield><subfield code="c">Greene</subfield><subfield code="d">Greenville.</subfield></datafield><datafield ind1="0" ind2="4" tag="780"><subfield code="t">Greenville local (Greenville, N.Y. : 1877)</subfield><subfield code="w">(DLC)sn 83031405</subfield><subfield code="w">(OCoLC)9871264</subfield></datafield><datafield ind1="0" ind2="4" tag="780"><subfield code="t">Cairo herald</subfield><subfield code="w">(DLC)sn 91066005</subfield><subfield code="w">(OCoLC)22922816</subfield></datafield><datafield ind1="0" ind2="5" tag="780"><subfield code="t">Athens herald (Athens, N.Y.)</subfield><subfield code="w">(DLC)sn 91066606</subfield><subfield code="w">(OCoLC)21201049</subfield></datafield><datafield ind1="0" ind2="0" tag="785"><subfield code="t">Greenville local (Greenville, N.Y. : 1989)</subfield><subfield code="w">(DLC)sn 90066279</subfield><subfield code="w">(OCoLC)22484887</subfield></datafield><datafield ind1="1" ind2=" " tag="029"><subfield code="a">AU@</subfield><subfield code="b">000020522243</subfield></datafield></record>